<record><leader>00000cas a2200000 a 4500</leader><controlfield tag="001">41271979</controlfield><controlfield tag="008">990429d19261946fluwr ne      0    0eng c</controlfield><datafield ind1=" " ind2=" " tag="010"><subfield code="a">sn 99026800 </subfield></datafield><datafield ind1=" " ind2=" " tag="040"><subfield code="a">FUG</subfield><subfield code="b">eng</subfield><subfield code="c">FUG</subfield><subfield code="d">OCL</subfield><subfield code="d">OCLCQ</subfield><subfield code="d">OCLCF</subfield><subfield code="d">OCLCO</subfield></datafield><datafield ind1="1" ind2=" " tag="029"><subfield code="a">AU@</subfield><subfield code="b">000020120176</subfield></datafield><datafield ind1=" " ind2=" " tag="042"><subfield code="a">pcc</subfield></datafield><datafield ind1=" " ind2=" " tag="043"><subfield code="a">n-us-fl</subfield></datafield><datafield ind1="0" ind2="0" tag="245"><subfield code="a">Coral Gables riviera.</subfield></datafield><datafield ind1=" " ind2=" " tag="260"><subfield code="a">Coral Gables, Fla. :</subfield><subfield code="b">Riviera Pub. Co.</subfield></datafield><datafield ind1=" " ind2=" " tag="300"><subfield code="a">v. :</subfield><subfield code="b">ill.</subfield></datafield><datafield ind1=" " ind2=" " tag="310"><subfield code="a">Weekly</subfield></datafield><datafield ind1="1" ind2=" " tag="362"><subfield code="a">Began in Jan. 1926; ceased in 1946?</subfield></datafield><datafield ind1=" " ind2=" " tag="588"><subfield code="a">Description based on: Vol. 20, no. 5 (Feb. 8, 1946).</subfield></datafield><datafield ind1=" " ind2=" " tag="588"><subfield code="a">Latest issue consulted: Vol. 20, no. 7 (Feb. 22, 1946).</subfield></datafield><datafield ind1=" " ind2="0" tag="651"><subfield code="a">Coral Gables (Fla.)</subfield><subfield code="v">Newspapers.</subfield></datafield><datafield ind1=" " ind2="0" tag="651"><subfield code="a">Miami-Dade County (Fla.)</subfield><subfield code="v">Newspapers.</subfield></datafield><datafield ind1=" " ind2="7" tag="655"><subfield code="a">Newspapers.</subfield><subfield code="2">fast</subfield><subfield code="0">(OCoLC)fst01423814</subfield></datafield><datafield ind1=" " ind2="7" tag="651"><subfield code="a">Florida</subfield><subfield code="z">Coral Gables.</subfield><subfield code="2">fast</subfield><subfield code="0">(OCoLC)fst01206033</subfield></datafield><datafield ind1=" " ind2="7" tag="651"><subfield code="a">Florida</subfield><subfield code="z">Miami-Dade County.</subfield><subfield code="2">fast</subfield><subfield code="0">(OCoLC)fst01287298</subfield></datafield><datafield ind1=" " ind2=" " tag="752"><subfield code="a">United States</subfield><subfield code="b">Florida</subfield><subfield code="c">Dade</subfield><subfield code="d">Coral Gables.</subfield></datafield><datafield ind1="0" ind2="0" tag="780"><subfield code="t">Miami riviera of Coral Gables</subfield><subfield code="w">(DLC)sn 93059221</subfield><subfield code="w">(OCoLC)27743483</subfield></datafield></record>